@Unpublished{lee:_laten_proces_model_time_attrib_random_graph,
  author = 		 {N.H.~Lee and C.E.~Priebe},
  title = 		 {A Latent Process Model for Time series of Attributed Random Graphs},
  note = 		 {To be published in Statistical Inference for Stochastic Processes}}

@Unpublished{rukhin:_limit_distr_graph_scan_statis,
  author = 		 {A.~Rukhin and C.E.~Priebe},
  title = 		 {On the Limiting Distribution of a Graph Scan Statistic},
  note = 		 {To be published in Communications in Statistics -- Theory and Methods}}
  
@Book{asmussen03:_applied_probab_queues,
  author = 	 {S.~Asmussen},
  title = 		 {Applied Probability and Queues},
  publisher = 	 {Springer-Verlag},
  year = 		 2003,
  address = 	 {New York}}
  
@Book{bollobas85:_random_graph,
  author = 	 {B.~Bollob\'{a}s},
  title = 		 {Random Graphs},
  publisher = 	 {Academic Press},
  year = 		 1985}
  
@Book{galambos87:_asymp_theor_extrem_order_statis,
  author = 	 {J.~Galambos},
  title = 		 {The Asymptotic Theory of Extreme Order Statistics},
  publisher = 	 {John Wiley \& Sons},
  year = 		 1987}
  
@Book{feller71:_introd_probab_theor_its_applic,
  author = 	 {W.~Feller},
  title = 		 {An Introduction to Probability Theory and Its Applications},
  publisher = 	 {John Wiley and Sons},
  year = 		 1971,
  edition = 	 {Second}}
  
@Unpublished{b.yu:_spect,
  author = 		 {B.Yu},
  title = 		 {Spectral clustering},
  note = 		 {\url{http://arxiv.org/abs/1007.1684/}}}

@Article{rubin65:_probab,
  author = 		 {H.~Rubin and J.Sethuraman},
  title = 		 {Probabilities of moderate deviations},
  journal = 	 {Sankhy\={a}: The Indian Journal of Statistics, Series A},
  year = 		 1965,
  volume = 	 27,
  pages = 	 {325--346}}
  
@Article{nowicki88:_subgr_u_statis_method,
  author =		 {K.~Nowicki and J.C.~Wierman},
  title =		 {Subgraph counts in random graphs using incomplete
                  {U}-Statistics Methods},
  journal =		 {Discrete Mathematics},
  year =		 1988,
  volume =		 72,
  pages =		 {299--310}
}

@PhdThesis{rukhin09:_asymp_analy_various_statis_random_graph_infer,
  author =		 {A.~Rukhin},
  title =		 {Asymptotic Analysis of Various Statistics for Random
                  Graph Inference},
  school =		 {Johns Hopkins University},
  year =		 2009
}

